@book{tfohr,
	author		= "Walter Kälin and Lars Müller and Judith Wyttenbach",
	year		= "2004",
	title		= "{The Face of Human Rights}",
	publisher	= "{Lars Müller Publishers}",
	isbn		= "978-3-03778-017-6"
}

@misc{busse,
	author		= "Andrea Haefely",
	year		= "2010",
	publisher	= "{Beobachter -- Ringier Axel Springer Schweiz AG}",
	howpublished	= "\url{http://www.beobachter.ch/justiz-behoerde/strassenverkehr/artikel/busse_ploetzlich-im-gefaengnis/}",
	title		= "{Busse -- Plötzlich im Gefängnis}",
}

@misc{nsa,
	author		= "Martin Holland",
	year		= "2014",
	publisher	= "Heise Online",
	howpublished	= "\url{http://www.heise.de/newsticker/meldung/Was-bisher-geschah-Der-NSA-Skandal-im-Jahr-1-nach-Snowden-2214943.html}",
	title		= "Was bisher geschah: Der NSA-Skandal im Jahr 1 nach Snowden"
}

@misc{svp,
	author		= "Amnesty International",
	year		= "2014",
	publisher	= "Amnesty International",
	howpublished	= "\url{https://www.amnesty.ch/de/laender/europa-zentralasien/schweiz/dok/2014/svp-initiative-schweizer-recht-vor-voelkerrecht-frontalangriff-auf-den-rechtsstaat?gclid=Cj0KEQjw3ZS-BRD1xu3qw8uS2s4BEiQA2bcfM32SvpqZzx-amvxF6_NM3D8UbCgAmwFAX90KyVZnbSUaAsX-8P8HAQ}",
	title		= "{SVP-Initiative Schweizer Recht vor Völkerrecht -- Frontalangriff auf den Rechtsstaat}"
}

@misc{gih,
	author		= "Wikipedia",
	year		= "2016",
	howpublished	= "\url{https://en.wikipedia.org/wiki/Genocides_in_history}",
	title		= "Genocides in history"
}

@misc{veto,
	author		= "Wikipedia",
	year		= "2016",
	howpublished	= "\url{tfohr://en.wikipedia.org/wiki/United_Nations_Security_Council_veto_power}",
	title		= "United Nations Security Council veto power"
}
