@book{tfohr,
	author		= "Kälin Walter and Lars Müller and Judith Wyttenbach",
	year		= "2004",
	title		= "{The Face of Human Rights}",
	publisher	= "{Lars Müller Publishers}",
	isbn		= "978-3-03778-017-6"
}
